<record><leader>00000cas a2200000 a 4500</leader><controlfield tag="001">24219879</controlfield><controlfield tag="008">910810d19651989iluwr ne      0   a0eng c</controlfield><datafield ind1=" " ind2=" " tag="010"><subfield code="a">sn 91055423 </subfield></datafield><datafield ind1=" " ind2=" " tag="040"><subfield code="a">NVF</subfield><subfield code="b">eng</subfield><subfield code="c">NVF</subfield><subfield code="d">CVF</subfield><subfield code="d">OCLCQ</subfield><subfield code="d">OCLCF</subfield><subfield code="d">OCLCO</subfield><subfield code="d">NVF</subfield><subfield code="d">OCLCO</subfield></datafield><datafield ind1="1" ind2=" " tag="029"><subfield code="a">AU@</subfield><subfield code="b">000025878152</subfield></datafield><datafield ind1=" " ind2=" " tag="042"><subfield code="a">pcc</subfield></datafield><datafield ind1=" " ind2=" " tag="043"><subfield code="a">n-us-il</subfield></datafield><datafield ind1="0" ind2=" " tag="130"><subfield code="a">Skyline (Chicago, Ill. : 1965)</subfield></datafield><datafield ind1="1" ind2="0" tag="245"><subfield code="a">Skyline.</subfield></datafield><datafield ind1="1" ind2=" " tag="246"><subfield code="i">Published as:</subfield><subfield code="a">Lincoln Park skyline</subfield><subfield code="f">Apr. 19-Dec. 27, 1972</subfield></datafield><datafield ind1=" " ind2=" " tag="260"><subfield code="a">Chicago, Ill. :</subfield><subfield code="b">Lerner Newspapers,</subfield><subfield code="c">1965-1989.</subfield></datafield><datafield ind1=" " ind2=" " tag="300"><subfield code="a">volumes</subfield></datafield><datafield ind1=" " ind2=" " tag="310"><subfield code="a">Weekly</subfield></datafield><datafield ind1="0" ind2=" " tag="362"><subfield code="a">No. 1 (May 1, 1965)- ; -July 20, 1989.</subfield></datafield><datafield ind1=" " ind2=" " tag="580"><subfield code="a">Split into: Skyline (Chicago, Ill. : Lincoln Park-Lake View ed.) and: Skyline (Chicago, Ill. : Near North-Downtown ed.).</subfield></datafield><datafield ind1=" " ind2="0" tag="650"><subfield code="a">Community newspapers</subfield><subfield code="z">Illinois</subfield><subfield code="z">Chicago.</subfield></datafield><datafield ind1=" " ind2="0" tag="651"><subfield code="a">Loop (Chicago, Ill.)</subfield><subfield code="v">Newspapers.</subfield></datafield><datafield ind1=" " ind2="0" tag="651"><subfield code="a">Lakeview (Chicago, Ill.)</subfield><subfield code="v">Newspapers.</subfield></datafield><datafield ind1=" " ind2="0" tag="651"><subfield code="a">Near North Side (Chicago, Ill.)</subfield><subfield code="v">Newspapers.</subfield></datafield><datafield ind1=" " ind2="0" tag="651"><subfield code="a">Lincoln Park (Chicago, Ill. : City section)</subfield><subfield code="v">Newspapers.</subfield></datafield><datafield ind1=" " ind2="7" tag="651"><subfield code="a">Illinois</subfield><subfield code="z">Chicago</subfield><subfield code="z">Lakeview.</subfield><subfield code="2">fast</subfield><subfield code="0">(OCoLC)fst01319930</subfield></datafield><datafield ind1=" " ind2="7" tag="651"><subfield code="a">Illinois</subfield><subfield code="z">Chicago</subfield><subfield code="z">Loop.</subfield><subfield code="2">fast</subfield><subfield code="0">(OCoLC)fst01323305</subfield></datafield><datafield ind1=" " ind2="7" tag="655"><subfield code="a">Newspapers.</subfield><subfield code="2">fast</subfield><subfield code="0">(OCoLC)fst01423814</subfield></datafield><datafield ind1="1" ind2=" " tag="700"><subfield code="a">Lerner, Louis,</subfield><subfield code="e">publisher.</subfield><subfield code="k">Newspapers.</subfield></datafield><datafield ind1=" " ind2=" " tag="752"><subfield code="a">United States</subfield><subfield code="b">Illinois</subfield><subfield code="c">Cook County</subfield><subfield code="d">Chicago.</subfield></datafield><datafield ind1="1" ind2="6" tag="785"><subfield code="t">Skyline (Chicago, Ill. : Lincoln Park-Lake View ed.)</subfield><subfield code="w">(DLC)sn 91055424</subfield><subfield code="w">(OCoLC)24209103</subfield></datafield><datafield ind1="1" ind2="6" tag="785"><subfield code="t">Skyline (Chicago, Ill. : Near North-Downtown ed.)</subfield><subfield code="w">(DLC)sn 96070096</subfield><subfield code="w">(OCoLC)35676421</subfield></datafield></record>